<record><leader>00000cas a22000007a 4500</leader><controlfield tag="001">18343360</controlfield><controlfield tag="008">880811d19261935aruwr ne      0    0eng d</controlfield><datafield ind1=" " ind2=" " tag="010"><subfield code="a">sn 88051045 </subfield></datafield><datafield ind1=" " ind2=" " tag="040"><subfield code="a">ANU</subfield><subfield code="b">eng</subfield><subfield code="c">ANU</subfield><subfield code="d">OCLCQ</subfield></datafield><datafield ind1=" " ind2=" " tag="042"><subfield code="a">msc</subfield></datafield><datafield ind1="0" ind2=" " tag="130"><subfield code="a">Benton County herald (Bentonville, Ark.)</subfield></datafield><datafield ind1="1" ind2="0" tag="245"><subfield code="a">Benton County herald.</subfield></datafield><datafield ind1=" " ind2=" " tag="260"><subfield code="a">Bentonville, Benton County, Ark. :</subfield><subfield code="b">Herald Pub. Co.</subfield></datafield><datafield ind1=" " ind2=" " tag="300"><subfield code="a">v.</subfield></datafield><datafield ind1=" " ind2=" " tag="310"><subfield code="a">Weekly</subfield></datafield><datafield ind1="0" ind2=" " tag="362"><subfield code="a">Vol. 1, no. 1 (July 29, 1926)-v. 9, no. 40 (Apr. 18, 1935).</subfield></datafield><datafield ind1=" " ind2=" " tag="752"><subfield code="a">United States</subfield><subfield code="b">Arkansas</subfield><subfield code="c">Benton</subfield><subfield code="d">Bentonville.</subfield></datafield><datafield ind1="0" ind2="7" tag="785"><subfield code="t">Benton County record and Democrat and the Benton County sun</subfield><subfield code="w">(DLC)sn 88051048</subfield></datafield><datafield ind1="0" ind2="7" tag="785"><subfield code="t">Benton County Democrat (Bentonville, Ark. : 1935)</subfield><subfield code="w">(DLC)sn 88051052</subfield></datafield></record>